@book{book:head-first-design-patterns,
    author  = {Eric Freeman; Elisabeth Freeman; Kathy Sierra; Bert Bates},
    title   = {Head First Design Patterns},
    publisher = {O'Reilly},
    year    = {2004}
}

@online{site:material-design,
    title   = {Material Design},
    url     = {https://material.io/}
}

@online{site:angular,
    title   = {Il framework Angular},
    url     = {https://angular.io/}
}

@online{site:apache-cordova,
    title   = {Il software Apache Cordova},
    url     = {https://cordova.apache.org/}
}

@online{site:capacitor,
    title   = {Il software Capacitor},
    url     = {https://capacitorjs.com/}
}

@online{site:pub-dev,
    title   = {Il portale Pub.dev},
    url     = {https://pub.dev/}
}

@online{site:null-safety-dart,
    title   = {La null safety in Dart},
    url     = {https://dart.dev/null-safety}
}

@online{site:dart-platforms,
    title   = {Il debugging e la compilazione con Dart},
    url     = {https://dart.dev/platforms}
}

@online{site:flutter-editor-setup,
    title   = {Setup di un IDE o editor di testo per sviluppare applicazioni con Flutter},
    url     = {https://flutter.dev/docs/get-started/editor}
}

@online{site:http-library,
    title   = {Libreria http di Dart},
    url     = {https://pub.dev/packages/http}
}

@online{site:restful-api,
    title   = {RESTful API},
    url     = {https://restfulapi.net/rest-architectural-constraints/}
}

@online{site:rest-vs-restful-api,
    title   = {REST vs REST(ful) API},
    url     = {https://restfulapi.net/}
}

@online{site:dependency-injection,
    title   = {Dependency Injection},
    url     = {https://en.wikipedia.org/wiki/Dependency_injection}
}

@online{site:flutter,
    title   = {Documentazione di Flutter},
    url     = {https://flutter.dev/docs}
}

@online{site:provider,
    title   = {Libreria Provider di Flutter},
    url     = {https://pub.dev/packages/provider}
}

@online{site:javascript,
    title   = {JavaScript},
    url     = {https://developer.mozilla.org/it/docs/Web/JavaScript}
}

@online{site:react-native,
    title   = {React Native},
    url     = {https://reactnative.dev/}
}

@online{site:ionic,
    title   = {Ionic},
    url     = {https://ionicframework.com/}
}

@online{site:paragone-tecnologie-crossplatform,
    title   = {Paragone fra tecnologie multipiattaforma: React Native, Flutter, Ionic, NativeScript (e linguaggi nativi)},
    url     = {https://academind.com/learn/flutter/react-native-vs-flutter-vs-ionic-vs-nativescript-vs-pwa/}
}

@online{site:how-flutter-renders-widgets-1,
    title   = {[Video] Come Flutter fa il rendering dei widget (Google Developer Days - China 2019)},
    url     = {https://www.youtube.com/watch?v=996ZgFRENMs}
}

@online{site:how-flutter-renders-widgets-2,
    title   = {Come Flutter fa il rendering dei widget (in dettaglio)},
    url     = {https://flutter.dev/docs/resources/inside-flutter}
}

@online{site:uuid,
    title   = {UUID - Universally Unique Identifier},
    url     = {https://it.wikipedia.org/wiki/Universally_unique_identifier}
}

@online{site:json,
    title   = {JSON},
    url     = {https://www.json.org/json-it.html}
}

@online{site:mvvm,
    title   = {MVVM - Model View ViewModel},
    url     = {https://docs.microsoft.com/it-it/xamarin/xamarin-forms/enterprise-application-patterns/mvvm}
}

@online{site:mvc,
    title   = {MVC - Model View ViewController},
    url     = {https://www.claudiodesio.com/ooa&d/mvc.htm}
}

@online{site:mvp,
    title   = {MVP - Model View Presenter},
    url     = {https://docs.microsoft.com/en-us/previous-versions/msp-n-p/ff649571(v=pandp.10)}
}

@online{site:clean-architecture,
    title   = {Clean Architecture},
    url     = {https://blog.cleancoder.com/uncle-bob/2012/08/13/the-clean-architecture.html}
}

@online{site:observer-design-pattern,
    title   = {Il design pattern Observer},
    url     = {https://italiancoders.it/observer-pattern/}
}